<?xml version="1.0" encoding="UTF-8" ?>
<record Numero="14850723" format="InterXMarc_Complet" type="Authority">
<leader>00344c1 au22000272  45  <Pos Code="0004">00344</Pos>
<Pos Code="05" Sens="notice modifiée">c</Pos>
<Pos Code="06" Sens="notice validée en catalogage courant">1</Pos>
<Pos Code="08" Sens="notice d&apos;autorité">a</Pos>
<Pos Code="09" Sens="titre uniforme musical (TUM)">u</Pos>
<Pos Code="10">2</Pos>
<Pos Code="11">2</Pos>
<Pos Code="1216">00027</Pos>
<Pos Code="17" Sens="autres cas">2</Pos>
<Pos Code="20">4</Pos>
<Pos Code="21">5</Pos>
</leader>
<controlfield tag="001">FRBNF148507231<Pos Code="0001">FR</Pos>
<Pos Code="0204">BNF</Pos>
<Pos Code="0512">14850723</Pos>
<Pos Code="13">1</Pos>
</controlfield>
<controlfield tag="008">050707050707yy    uu        1988                             1   <Pos Code="0001">05</Pos>
<Pos Code="0203">07</Pos>
<Pos Code="0405">07</Pos>
<Pos Code="0607">05</Pos>
<Pos Code="0809">07</Pos>
<Pos Code="1011">07</Pos>
<Pos Code="1213" Sens="ne s&apos;applique pas">yy</Pos>
<Pos Code="1820">uu </Pos>
<Pos Code="2831">1988</Pos>
<Pos Code="61" Sens="La vedette peut être liée à une notice bibliographique sauf pour l&apos;accès matière RAMEAU">1</Pos>
</controlfield>
<datafield tag="048" ind1=" " ind2=" ">
	<subfield code="a">tb01<Pos Code="0001" Sens="cordes pincées - guitare">tb</Pos>
<Pos Code="02">0</Pos>
<Pos Code="03">1</Pos>
</subfield>
</datafield>
<datafield tag="100" ind1=" " ind2=" ">
	<subfield code="3">13891404</subfield>
	<subfield code="w">.0..b.....</subfield>
	<subfield code="a">Berio</subfield>
	<subfield code="m">Luciano</subfield>
	<subfield code="d">1925-2003</subfield>
</datafield>
<datafield tag="144" ind1="1" ind2=" ">
	<subfield code="w">....b.....</subfield>
	<subfield code="a">Sequenza XI</subfield>
	<subfield code="b">Guitare</subfield>
</datafield>
<datafield tag="600" ind1=" " ind2=" ">
	<subfield code="a">Date de composition : 1988</subfield>
</datafield>
<datafield tag="610" ind1=" " ind2=" ">
	<subfield code="a">Sequenza XI [Musique imprimée] / Luciano Berio, 1997</subfield>
</datafield>
<datafield tag="917" ind1=" " ind2=" ">
	<subfield code="o">OPD</subfield>
	<subfield code="a">100814070</subfield>
	<subfield code="b">ATUM</subfield>
</datafield>
<Attr Nom="IDPerenne">ark:/12148/cb14850723q</Attr>
<Attr Nom="NumSource">OPD 100814070</Attr>
<Attr Nom="Source" Sens="BnF catalogue général (depuis 1999)">A</Attr>
<Attr Nom="NumAutoriteLiee">13891404</Attr>
<Attr Nom="DateCreation">07/07/ 2005</Attr>
<Attr Nom="ResponsableCreation">MIGV3</Attr>
<Attr Nom="StructCreation">1</Attr>
<Attr Nom="DateDerniereValidation">09/11/ 2010</Attr>
<Attr Nom="ResponsableDerniereValidation">MIGV4</Attr>
<Attr Nom="StructPremiereValidation">1</Attr>
<Attr Nom="DatePremiereValidation">07/07/ 2005</Attr>
<Attr Nom="ResponsablePremiereValidation">MIGV3</Attr>
<Attr Nom="StructDerniereValidation">1</Attr>
<Attr Nom="NumSource">OPP 13916658</Attr>
</record>
